@book{neu,
	title       = {Algebraic Number Theory (Schappacher, N., trans.)},
	author      = {Neukirch, J\"urgen},
	publisher   = {New York: Springer-Verlag},
	year        = {1999}
}


@misc{ wiki:transcipher,
    author = "{Wikipedia contributors}",
    title = "Transposition_cipher --- {W}ikipedia{,} The Free Encyclopedia",
    year = "2020",
    url = "https://en.wikipedia.org/wiki/Transposition_cipher",
}

@misc{keating,
    author = "{Barry Keating}",
    title = "Cryptography Hints",
    year = "2017",
    url = " https://www3.nd.edu/~busiforc/handouts/cryptography/cryptography%20hints.html",
} 

@misc{tutpoint01,
    author = "{Tutorials Point}",
    title = "Classes and Objects",
    year = "2020",
    url = "https://www.tutorialspoint.com/cplusplus/cpp_classes_objects.htm",
} 

% https://www.programiz.com/cpp-programming/virtual-functions

% https://stackoverflow.com/questions/15235526/the-static-keyword-and-its-various-uses-in-c

% http://courses.cms.caltech.edu/cs11/material/cpp/donnie/cpp-ops.html


@misc{linkage16,
    author = "{Peter Goldsborough}",
    title = "Internal and External Linkage in C++",
    year = "2016",
    url = " http://www.goldsborough.me/c/c++/linker/2016/03/30/19-34-25-internal_and_external_linkage_in_c++/
",
} 

@misc{HowDoesV58:online,
author = {},
title = {How Does Virtual Base Class Works Internally? – Vishal Chovatiya},
howpublished = {\url{http://www.vishalchovatiya.com/part-2-all-about-virtual-keyword-in-cpp-how-virtual-class-works-internally/}},
month = {},
year = {},
note = {(Accessed on 11/16/2021)}
}

@misc{MemoryLa2:online,
author = {},
title = {Memory Layout of C++ Object in Different Scenarios},
howpublished = {\url{http://www.vishalchovatiya.com/memory-layout-of-cpp-object/}},
month = {},
year = {},
note = {(Accessed on 11/16/2021)}
}

@misc{Inherita93:online,
author = {},
title = {Inheritance (object-oriented programming) - Wikipedia},
howpublished = {\url{https://en.wikipedia.org/wiki/Inheritance_(object-oriented_programming)}},
month = {},
year = {},
note = {(Accessed on 11/16/2021)}
}

@misc{Inherita8:online,
author = {},
title = {Inheritance and Composition: A Python OOP Guide – Real Python},
howpublished = {\url{https://realpython.com/inheritance-composition-python/#what-are-inheritance-and-composition}},
month = {},
year = {},
note = {(Accessed on 11/19/2021)}
}

